<?xml version="1.0" encoding="UTF-8"?><collection xmlns="http://www.loc.gov/MARC21/slim"><record><leader>00583nam--2200205-i-4500</leader><controlfield tag="001">000020126</controlfield><controlfield tag="002">20161230</controlfield><controlfield tag="005">20161230201033</controlfield><controlfield tag="008">060222s1000------------r-----000-0-ger-d</controlfield><datafield ind1=" " ind2=" " tag="040"><subfield code="a">IFIN-HH</subfield></datafield><datafield ind1=" " ind2=" " tag="041"><subfield code="a">ger</subfield></datafield><datafield ind1=" " ind2=" " tag="080"><subfield code="a">539.143.43</subfield></datafield><datafield ind1="1" ind2=" " tag="100"><subfield code="a">Ebert, Ines</subfield></datafield><datafield ind1="1" ind2="0" tag="245"><subfield code="a">Kernresonanz im festkorper</subfield><subfield code="c">Ines ebert, gerhard seifert</subfield></datafield><datafield ind1=" " ind2=" " tag="260"><subfield code="a">Leipzig</subfield><subfield code="b">Geest &amp; Portig K.-c</subfield><subfield code="c">1966</subfield></datafield><datafield ind1=" " ind2=" " tag="300"><subfield code="a">410 P. MIT 38 BILDERN UND 10 TABELLEN</subfield></datafield><datafield ind1=" " ind2=" " tag="490"><subfield code="a">Technisch-physikalische Monographien</subfield></datafield><datafield ind1="1" ind2=" " tag="700"><subfield code="a">Seifert, Gerhard</subfield></datafield><datafield ind1=" " ind2=" " tag="852"><subfield code="a">24774</subfield><subfield code="c">539.143.43</subfield></datafield><datafield ind1=" " ind2=" " tag="CAT"><subfield code="a">Sys</subfield><subfield code="c">20120420</subfield><subfield code="h">124238</subfield></datafield></record></collection>